@Book{BonetEtAl91,
    author = {Barcel{\'{o}}, Miquel and
              Bonet, Carles and
              Jorba, {\`{A}}ngel and
              Mart{\'{\i}}nez-Seara, M.~Teresa and
              Masdemont, Josep and
              Oll{\'{e}}, Merc{\'{e}} and
              Sus{\'{\i}}n, Antonio and
              Val{\`{e}}ncia, Marta},
     title = {C{\`{a}}lcul {N}um{\`{e}}ric},
 publisher = {CPDA-ETSEIB},
   edition = 2,
      year = 1991,
   address = {Barcelona},
}

@Book{AubanellBD91,
    author = {Aubanell, Anton and
              Benseny, Antoni and
              Delshams, Amadeu},
     title = {Eines B{\`{a}}siques de {C}{\`{a}}lcul
              {N}um{\`{e}}ric},
 publisher = {Publicacions de la Universitat
              Aut{\`{o}}noma de Barcelona},
      year = 1991,
   address = {Bellaterra (Barcelona)}
}

@Book{FairesB2004,
    author = {Faires, J.Douglas and
	      Burden, Richard},
     title = {M{\'{e}}todos {N}um{\'{e}}ricos},
 publisher = {Paraninfo},
   edition = 3,
      year = 2004,
   address = {Madrid}
}

@misc{wiki1,
       author = "Wikipedia",
       title = "Factorizaci√≥n de {S}chur. {W}ikipedia{,} La enciclopedia libre",
       year = "2019",
       howpublished = "\url{https://es.wikipedia.org/w/index.php?title=Factorizaci\%C3\%B3n_de_Schuri\&oldid=120648816}",
       note = "[Internet; descargado 1-abril-2020]"
}

@book {AllaireK2008,
    AUTHOR = {Allaire, Gr{\'e}goire and Kaber, Sidi Mahmoud},
     TITLE = {Numerical linear algebra},
    SERIES = {Texts in Applied Mathematics},
    VOLUME = 55,
      NOTE = {Translated from the 2002 French original by Karim Trabelsi},
 PUBLISHER = {Springer, New York},
      YEAR = 2008,
     PAGES = {xii+271},
      ISBN = {978-0-387-34159-0},
   MRCLASS = {65Fxx (15-01)},
  MRNUMBER = {2365296 (2008m:65077)},
MRREVIEWER = {Zahari Zlatev},
       DOI = {10.1007/978-0-387-68918-0},
       URL = {http://dx.doi.org/10.1007/978-0-387-68918-0},
       PDF = {AllaireK2008.pdf}
}

@book {IsaacsonK94,
    AUTHOR = {Isaacson, Eugene and Keller, Herbert Bishop},
     TITLE = {Analysis of {N}umerical {M}ethods},
 PUBLISHER = {Dover},
   ADDRESS = {Dover Publications, Inc., 31 East 2nd Street, Mineola N.Y.~11501},
      YEAR = 1994,
      NOTE = {Unabridged, corrected publication of the work first published by
	      John Wiley \& Sons, New York, 1966.}
}

@book {QuarteroniS2006,
    AUTHOR = {Quarteroni, Alfio and Saleri, Fausto},
     TITLE = {Scientific computing with {MATLAB} and {O}ctave},
    SERIES = {Texts in Computational Science and Engineering},
    VOLUME = 2,
   EDITION = {Second},
 PUBLISHER = {Springer-Verlag},
   ADDRESS = {Berlin},
      YEAR = 2006,
     PAGES = {xvi+318},
      ISBN = {978-3-540-32612-0; 3-540-32612-X},
   MRCLASS = {65-01},
  MRNUMBER = {2253397 (2007d:65001)},
}

@book {QuarteroniS2006E,
    AUTHOR = {Quarteroni, Alfio and Saleri, Fausto},
     TITLE = {C{\`{a}}lculo {C}ient{\'{\i}}fico con {M}atlab i {O}ctave},
 PUBLISHER = {Springer-Verlag},
   ADDRESS = {Milano, Italia},
      YEAR = 2006
}
